<record><leader>00000cas a2200000 a 4500</leader><controlfield tag="001">9516165</controlfield><controlfield tag="008">830517d18831976ctudr ne      0    0eng c</controlfield><datafield ind1=" " ind2=" " tag="010"><subfield code="a">sn 83045502 </subfield></datafield><datafield ind1=" " ind2=" " tag="040"><subfield code="a">CRL</subfield><subfield code="b">eng</subfield><subfield code="c">CRL</subfield><subfield code="d">NPW</subfield><subfield code="d">NPX</subfield><subfield code="d">DLC</subfield><subfield code="d">NPU</subfield><subfield code="d">NPY</subfield><subfield code="d">DLC</subfield><subfield code="d">NJW</subfield><subfield code="d">CNW</subfield><subfield code="d">CRL</subfield><subfield code="d">MHN</subfield><subfield code="d">DLC</subfield><subfield code="d">CUI</subfield><subfield code="d">DLC</subfield><subfield code="d">OCLCQ</subfield><subfield code="d">OCLCA</subfield><subfield code="d">OCLCF</subfield><subfield code="d">HMM</subfield></datafield><datafield ind1="1" ind2=" " tag="029"><subfield code="a">AU@</subfield><subfield code="b">000020394046</subfield></datafield><datafield ind1=" " ind2=" " tag="042"><subfield code="a">pcc</subfield></datafield><datafield ind1=" " ind2=" " tag="043"><subfield code="a">n-us-ct</subfield></datafield><datafield ind1="0" ind2="0" tag="050"><subfield code="a">Newspaper</subfield></datafield><datafield ind1=" " ind2="4" tag="050"><subfield code="a">AN</subfield></datafield><datafield ind1="0" ind2=" " tag="130"><subfield code="a">Hartford times (Hartford, Conn. : 1883)</subfield></datafield><datafield ind1="1" ind2="4" tag="245"><subfield code="a">The Hartford times.</subfield></datafield><datafield ind1="1" ind2=" " tag="246"><subfield code="i">Sunday issues for Aug. 6, 1972-&lt;Aug. 1976&gt; have title:</subfield><subfield code="a">Hartford Sunday times</subfield></datafield><datafield ind1=" " ind2=" " tag="260"><subfield code="a">Hartford, Conn. :</subfield><subfield code="b">Burr Bros.,</subfield><subfield code="c">1883-1976.</subfield></datafield><datafield ind1=" " ind2=" " tag="300"><subfield code="a">93 v.</subfield></datafield><datafield ind1=" " ind2=" " tag="310"><subfield code="a">Daily,</subfield><subfield code="b">Nov. 3, 1968-1976</subfield></datafield><datafield ind1=" " ind2=" " tag="321"><subfield code="a">Daily (except Sunday),</subfield><subfield code="b">1883-Nov. 2, 1968</subfield></datafield><datafield ind1="0" ind2=" " tag="362"><subfield code="a">July 3, 1883-Oct. 20, 1976.</subfield></datafield><datafield ind1=" " ind2=" " tag="500"><subfield code="a">Supplements accompany some issues.</subfield></datafield><datafield ind1=" " ind2=" " tag="500"><subfield code="a">Issue for Jan. 1, 1942 called 125th Anniversary ed.</subfield></datafield><datafield ind1=" " ind2=" " tag="515"><subfield code="a">Issues for July 3, 1883-Nov. 15, 1887 also called: Vol. 43-47. Issues for Dec. 7, 1887-&lt;Aug. 31, 1976&gt; also called: Vol. 47, no. 288-&lt;v. 135, no. 242&gt;.</subfield></datafield><datafield ind1=" " ind2=" " tag="530"><subfield code="a">Available on microfilm from UMI, and the Library of Congress, Photoduplication Service.</subfield></datafield><datafield ind1=" " ind2=" " tag="580"><subfield code="a">Weekly and semiweekly eds.: Hartford weekly times, July 1883-&lt;1897&gt;, and: Weekly times (Hartford, Conn.), &lt;1897&gt;-</subfield></datafield><datafield ind1=" " ind2=" " tag="580"><subfield code="a">Published in various regional editions, Apr. 1972-1976.</subfield></datafield><datafield ind1=" " ind2=" " tag="580"><subfield code="a">Morning tabloid ed.: Hartford times morning line, Aug. 25, 1976- 1976.</subfield></datafield><datafield ind1=" " ind2="0" tag="651"><subfield code="a">Hartford (Conn.)</subfield><subfield code="v">Newspapers.</subfield></datafield><datafield ind1=" " ind2="0" tag="651"><subfield code="a">Middletown (Conn.)</subfield><subfield code="v">Newspapers.</subfield></datafield><datafield ind1=" " ind2="0" tag="651"><subfield code="a">Cromwell (Conn.)</subfield><subfield code="v">Newspapers.</subfield></datafield><datafield ind1=" " ind2="0" tag="651"><subfield code="a">Hartford County (Conn.)</subfield><subfield code="v">Newspapers.</subfield></datafield><datafield ind1=" " ind2="7" tag="651"><subfield code="a">Connecticut</subfield><subfield code="z">Cromwell.</subfield><subfield code="2">fast</subfield><subfield code="0">(OCoLC)fst01218998</subfield></datafield><datafield ind1=" " ind2="7" tag="651"><subfield code="a">Connecticut</subfield><subfield code="z">Hartford.</subfield><subfield code="2">fast</subfield><subfield code="0">(OCoLC)fst01207441</subfield></datafield><datafield ind1=" " ind2="7" tag="651"><subfield code="a">Connecticut</subfield><subfield code="z">Hartford County.</subfield><subfield code="2">fast</subfield><subfield code="0">(OCoLC)fst01211874</subfield></datafield><datafield ind1=" " ind2="7" tag="651"><subfield code="a">Connecticut</subfield><subfield code="z">Middletown.</subfield><subfield code="2">fast</subfield><subfield code="0">(OCoLC)fst01208112</subfield></datafield><datafield ind1=" " ind2="7" tag="655"><subfield code="a">Newspapers.</subfield><subfield code="2">fast</subfield><subfield code="0">(OCoLC)fst01423814</subfield></datafield><datafield ind1=" " ind2=" " tag="752"><subfield code="a">United States</subfield><subfield code="b">Connecticut</subfield><subfield code="c">Hartford</subfield><subfield code="d">Hartford.</subfield></datafield><datafield ind1="1" ind2=" " tag="775"><subfield code="t">Hartford weekly times</subfield><subfield code="w">(DLC)sn 82014611</subfield><subfield code="w">(OCoLC)8814682</subfield></datafield><datafield ind1="1" ind2=" " tag="775"><subfield code="t">Weekly times (Hartford, Conn.)</subfield><subfield code="w">(DLC)sn 85038312</subfield><subfield code="w">(OCoLC)12248171</subfield></datafield><datafield ind1="1" ind2=" " tag="775"><subfield code="t">Hartford times morning line</subfield><subfield code="w">(DLC)sn 93054124</subfield><subfield code="w">(OCoLC)29425485</subfield></datafield><datafield ind1="0" ind2="0" tag="780"><subfield code="t">Hartford daily times</subfield><subfield code="w">(DLC)sn 83045525</subfield><subfield code="w">(OCoLC)9574221</subfield></datafield><datafield ind1="0" ind2="5" tag="780"><subfield code="t">Hartford post</subfield><subfield code="g">Oct. 1920</subfield><subfield code="w">(DLC)sn 92051238</subfield><subfield code="w">(OCoLC)25717631</subfield></datafield></record>